

@article{nordbotten2016asymmetric,
  title={Asymmetric ecological conditions favor Red-Queen type of continued evolution over stasis},
  author={Nordbotten, Jan Martin and Stenseth, Nils C},
  journal={Proceedings of the National Academy of Sciences},
  volume={113},
  number={7},
  pages={1847--1852},
  year={2016},
  publisher={National Acad Sciences}
}

@article{nordbotten2018ecological,
  title={Ecological and evolutionary dynamics of interconnectedness and modularity},
  author={Nordbotten, Jan M and Levin, Simon A and Szathm{\'a}ry, E{\"o}rs and Stenseth, Nils C},
  journal={Proceedings of the National Academy of Sciences},
  volume={115},
  number={4},
  pages={750--755},
  year={2018},
  publisher={National Acad Sciences}
}

@article{nordbotten2020dynamics,
  title={The dynamics of trait variance in multi-species communities},
  author={Nordbotten, Jan Martin and Bokma, Folmer and Hermansen, Jo Skeie and Stenseth, Nils Chr},
  journal={Royal Society open science},
  volume={7},
  number={8},
  pages={200321},
  year={2020},
  publisher={The Royal Society}
}



@article{hyndman1996computing,
  title={Computing and graphing highest density regions},
  author={Hyndman, Rob J},
  journal={The American Statistician},
  volume={50},
  number={2},
  pages={120--126},
  year={1996},
  publisher={Taylor \& Francis Group}
}

@article {MR2338400,
    AUTHOR = {Vohral\'{\i}k, Martin},
     TITLE = {A posteriori error estimates for lowest-order mixed finite
              element discretizations of convection-diffusion-reaction
              equations},
   JOURNAL = {SIAM J. Numer. Anal.},
  FJOURNAL = {SIAM Journal on Numerical Analysis},
    VOLUME = {45},
      YEAR = {2007},
    NUMBER = {4},
     PAGES = {1570--1599},
      ISSN = {0036-1429},
   MRCLASS = {65N30 (76M10 76S05)},
  MRNUMBER = {2338400},
MRREVIEWER = {Dietrich Braess},
       DOI = {10.1137/060653184},
       URL = {https://doi.org/10.1137/060653184},
}

%------------------------------------------------------------
@book{weinan2011principles,
  title={Principles of multiscale modeling},
  author={Weinan, E},
  year={2011},
  publisher={Cambridge University Press}
}

@article{nordbotten2018ecological,
  title={Ecological and evolutionary dynamics of interconnectedness and modularity},
  author={Nordbotten, Jan M and Levin, Simon A and Szathm{\'a}ry, E{\"o}rs and Stenseth, Nils C},
  journal={Proceedings of the National Academy of Sciences},
  volume={115},
  number={4},
  pages={750--755},
  year={2018},
  publisher={National Acad Sciences}
}

@book{cheney2013analysis,
	author = {Cheney, Ward},
	doi = {10.1007/978-1-4757-3559-8},
	isbn = {0-387-95279-9},
	mrclass = {00A05 (42B10 46-01)},
	mrnumber = {1838468},
	mrreviewer = {R. G. Bartle},
	pages = {viii+444},
	publisher = {Springer-Verlag, New York},
	series = {Graduate Texts in Mathematics},
	title = {Analysis for applied mathematics},
	url = {https://doi.org/10.1007/978-1-4757-3559-8},
	volume = {208},
	year = {2001}
}

@article{hyndman1996computing,
  title={Computing and graphing highest density regions},
  author={Hyndman, Rob J},
  journal={The American Statistician},
  volume={50},
  number={2},
  pages={120--126},
  year={1996},
  publisher={Taylor \& Francis Group}
}

% ADAPTIVE DYNAMICS ------------------------------
@book{gavrilets2004fitness,
  title={Fitness landscapes and the origin of species (MPB-41)},
  author={Gavrilets, Sergey},
  year={2004},
  publisher={Princeton University Press}
}

@incollection{dieckmann2007adaptive,
  title={The adaptive dynamics of community structure},
  author={Dieckmann, Ulf and Br{\"a}nnstr{\"o}m, {\AA}ke and HilleRisLambers, Reinier and Ito, Hiroshi C},
  booktitle={Mathematics for ecology and environmental sciences},
  pages={145--177},
  year={2007},
  publisher={Springer}
}

@article{dieckmann1997can,
  title={Can adaptive dynamics invade?},
  author={Dieckmann, Ulf},
  journal={Trends in Ecology \& Evolution},
  volume={12},
  number={4},
  pages={128--131},
  year={1997},
  publisher={Elsevier}
}

@article{geritz2000adaptive,
  title={Adaptive dynamics in diploid, sexual populations and the evolution of reproductive isolation},
  author={Geritz, Stefan AH and {\'E}va, Kisdi},
  journal={Proceedings of the Royal Society of London. Series B: Biological Sciences},
  volume={267},
  number={1453},
  pages={1671--1678},
  year={2000},
  publisher={The Royal Society}
}

% ADAPTIVE SPECIATION ----------------------------------------------

@article{vukics2003speciation,
  title={Speciation in multidimensional evolutionary space},
  author={Vukics, A and Asb{\'o}th, J and Mesz{\'e}na, G},
  journal={Physical Review E},
  volume={68},
  number={4},
  pages={041903},
  year={2003},
  publisher={APS}
}

@article{rosenzweig1978competitive,
  title={Competitive speciation},
  author={Rosenzweig, Michael L},
  journal={Biological Journal of the Linnean Society},
  volume={10},
  number={3},
  pages={275--289},
  year={1978},
  publisher={Oxford University Press}
}

@article{doebeli1996quantitative,
  title={A quantitative genetic competition model for sympatric speciation},
  author={Doebeli, Michael},
  journal={Journal of evolutionary biology},
  volume={9},
  number={6},
  pages={893--909},
  year={1996},
  publisher={Wiley Online Library}
}

@article{dieckmann1999origin,
  title={On the origin of species by sympatric speciation},
  author={Dieckmann, Ulf and Doebeli, Michael},
  journal={Nature},
  volume={400},
  number={6742},
  pages={354--357},
  year={1999},
  publisher={Nature Publishing Group}
}

@article{doebeli2000evolutionary,
  title={Evolutionary branching and sympatric speciation caused by different types of ecological interactions},
  author={Doebeli, Michael and Dieckmann, Ulf},
  journal={The american naturalist},
  volume={156},
  number={S4},
  pages={S77--S101},
  year={2000},
  publisher={The University of Chicago Press}
}

@article{doebeli2003speciation,
  title={Speciation along environmental gradients},
  author={Doebeli, Michael and Dieckmann, Ulf},
  journal={Nature},
  volume={421},
  number={6920},
  pages={259--264},
  year={2003},
  publisher={Nature Publishing Group}
}


% SPECIATION DUE TO STOCHASTIC MUTATION ------------------------
@book{dieckmann2004adaptive,
  title={Adaptive speciation},
  author={Dieckmann, Ulf and Doebeli, Michael and Metz, Johan AJ and Tautz, Diethard},
  year={2004},
  publisher={Cambridge University Press}
}

% DIFFERENT MORPHS WITHIN SAME SPECIES -------------------

@article{sasaki2011oligomorphic,
  title={Oligomorphic dynamics for analyzing the quantitative genetics of adaptive speciation},
  author={Sasaki, Akira and Dieckmann, Ulf},
  journal={Journal of mathematical biology},
  volume={63},
  number={4},
  pages={601--635},
  year={2011},
  publisher={Springer}
}

% NEGLECTING SPECIES ABUNDANCE --------------------------

@article{debarre2014multidimensional,
  title={Multidimensional (co) evolutionary stability},
  author={D{\'e}barre, F and Nuismer, SL and Doebeli, M},
  journal={The American Naturalist},
  volume={184},
  number={2},
  pages={158--171},
  year={2014},
  publisher={University of Chicago Press Chicago, IL}
}

% ----------------------------------------






@article{leigh1968ecological,
  title={The ecological role of Volterra's equations},
  author={Leigh, Egbert R},
  journal={Some mathematical problems in biology},
  year={1968},
  publisher={The American Mathematical Society}
}


@article{geritz2016mutual,
  title={Mutual invadability near evolutionarily singular strategies for multivariate traits, with special reference to the strongly convergence stable case},
  author={Geritz, Stefan AH and Metz, Johan AJ and Rueffler, Claus},
  journal={Journal of mathematical biology},
  volume={72},
  number={4},
  pages={1081--1099},
  year={2016},
  publisher={Springer}
}




% A posteriori stuff -------------------------------------------------
@article{papevz2018estimating,
  title={Estimating and localizing the algebraic and total numerical errors using flux reconstructions},
  author={Pape{\v{z}}, Jan and Strako{\v{s}}, Zden{\v{e}}k and Vohral{\'\i}k, Martin},
  journal={Numerische Mathematik},
  volume={138},
  number={3},
  pages={681--721},
  year={2018},
  publisher={Springer}
}

@article{ern2010posteriori,
  title={A posteriori error estimation based on potential and flux reconstruction for the heat equation},
  author={Ern, Alexandre and Vohral{\'\i}k, Martin},
  journal={SIAM Journal on Numerical Analysis},
  volume={48},
  number={1},
  pages={198--223},
  year={2010},
  publisher={SIAM}
}

@article{smears2020simple,
  title={Simple and robust equilibrated flux a posteriori estimates for singularly perturbed reaction--diffusion problems},
  author={Smears, Iain and Vohral{\'\i}k, Martin},
  journal={ESAIM: Mathematical Modelling and Numerical Analysis},
  volume={54},
  number={6},
  pages={1951--1973},
  year={2020},
  publisher={EDP Sciences}
}

@article{ern2017guaranteed,
  title={Guaranteed, locally space-time efficient, and polynomial-degree robust a posteriori error estimates for high-order discretizations of parabolic problems},
  author={Ern, Alexandre and Smears, Iain and Vohral{\'\i}k, Martin},
  journal={SIAM Journal on Numerical Analysis},
  volume={55},
  number={6},
  pages={2811--2834},
  year={2017},
  publisher={SIAM}
}

@article{becker2001optimal,
  title={An optimal control approach to a posteriori error estimation in finite element methods},
  author={Becker, Roland and Rannacher, Rolf},
  journal={Acta numerica},
  volume={10},
  number={1},
  pages={1--102},
  year={2001},
  publisher={Cambridge, England; New York: Cambridge University Press, c1992-}
}

@article{woodward2000analysis,
  title={Analysis of expanded mixed finite element methods for a nonlinear parabolic equation modeling flow into variably saturated porous media},
  author={Woodward, Carol S and Dawson, Clint N},
  journal={SIAM Journal on Numerical Analysis},
  volume={37},
  number={3},
  pages={701--724},
  year={2000},
  publisher={SIAM}
}


% Nils sine


@book{coyne2004speciation,
  title={Speciation},
  author={Coyne, Jerry A and Orr, H Allen and others},
  volume={37},
  year={2004},
  publisher={Sinauer Associates Sunderland, MA}
}

@book{nosil2012ecological,
  title={Ecological speciation},
  author={Nosil, Patrik},
  year={2012},
  publisher={Oxford University Press}
}

@book{price2008speciation,
  title={Speciation in birds},
  author={Price, Trevor and others},
  year={2008},
  publisher={Roberts and Co.}
}


@article{evans1998partial,
  title={Partial differential equations},
  author={Evans, Lawrence C},
  journal={Graduate studies in mathematics},
  volume={19},
  number={2},
  year={1998},
  publisher={Rhode Island, USA}
}

@article{alekseev2016stability,
  title={Stability estimates of solutions to extremal problems for a nonlinear convection-diffusion-reaction equation},
  author={Alekseev, Gennadii Valentinovich and Brizitskii, Roman Viktorovich and Saritskaya, Zh Yu},
  journal={Journal of Applied and Industrial Mathematics},
  volume={10},
  number={2},
  pages={155--167},
  year={2016},
  publisher={Springer}
}

